<record><leader>00000cas a22000007a 4500</leader><controlfield tag="001">13539252</controlfield><controlfield tag="008">860507d18731879pauwr ne      0    0eng d</controlfield><datafield ind1=" " ind2=" " tag="010"><subfield code="a">sn 86053347 </subfield></datafield><datafield ind1=" " ind2=" " tag="040"><subfield code="a">NPX</subfield><subfield code="b">eng</subfield><subfield code="c">NPX</subfield><subfield code="d">TGN</subfield><subfield code="d">OCLCG</subfield><subfield code="d">OCLCQ</subfield><subfield code="d">OCLCF</subfield><subfield code="d">OCLCO</subfield></datafield><datafield ind1="1" ind2=" " tag="029"><subfield code="a">AU@</subfield><subfield code="b">000026926889</subfield></datafield><datafield ind1=" " ind2=" " tag="042"><subfield code="a">msc</subfield></datafield><datafield ind1=" " ind2=" " tag="043"><subfield code="a">n-us-pa</subfield></datafield><datafield ind1="0" ind2="0" tag="245"><subfield code="a">Millerstown review.</subfield></datafield><datafield ind1=" " ind2=" " tag="260"><subfield code="a">Barnharts Mills P.O. [i.e. Millerstown], Pa. :</subfield><subfield code="b">A.S. Thorne</subfield></datafield><datafield ind1=" " ind2=" " tag="300"><subfield code="a">v.</subfield></datafield><datafield ind1=" " ind2=" " tag="310"><subfield code="a">Weekly</subfield></datafield><datafield ind1="1" ind2=" " tag="362"><subfield code="a">Began in 1873.</subfield><subfield code="z">Cf. Rowell, 1875.</subfield></datafield><datafield ind1="1" ind2=" " tag="362"><subfield code="a">Ceased in 1879.</subfield><subfield code="z">Cf. Hist. of Butler Co., Pa., 1883.</subfield></datafield><datafield ind1=" " ind2=" " tag="500"><subfield code="a">Supported Prohibition Ticket; Green Clay Smith for president.</subfield></datafield><datafield ind1=" " ind2=" " tag="588"><subfield code="a">Description based on: Vol. 4, no. 6 (Aug. 3, 1876).</subfield></datafield><datafield ind1="1" ind2="0" tag="600"><subfield code="a">Smith, Green Clay,</subfield><subfield code="d">1826-1895.</subfield></datafield><datafield ind1=" " ind2="0" tag="651"><subfield code="a">Butler County (Pa.)</subfield><subfield code="v">Newspapers.</subfield></datafield><datafield ind1=" " ind2="4" tag="651"><subfield code="a">Barnharts Mills (Pa.)</subfield><subfield code="v">Newspapers.</subfield></datafield><datafield ind1=" " ind2="4" tag="651"><subfield code="a">Millerstown (Pa.)</subfield><subfield code="v">Newspapers.</subfield></datafield><datafield ind1=" " ind2="7" tag="655"><subfield code="a">Newspapers.</subfield><subfield code="2">fast</subfield><subfield code="0">(OCoLC)fst01423814</subfield></datafield><datafield ind1="1" ind2="7" tag="600"><subfield code="a">Smith, Green Clay,</subfield><subfield code="d">1826-1895.</subfield><subfield code="2">fast</subfield><subfield code="0">(OCoLC)fst00261348</subfield></datafield><datafield ind1=" " ind2="7" tag="651"><subfield code="a">Pennsylvania</subfield><subfield code="z">Butler County.</subfield><subfield code="2">fast</subfield><subfield code="0">(OCoLC)fst01208702</subfield></datafield><datafield ind1=" " ind2=" " tag="752"><subfield code="a">United States</subfield><subfield code="b">Pennsylvania</subfield><subfield code="c">Butler</subfield><subfield code="d">Millerstown.</subfield></datafield><datafield ind1=" " ind2=" " tag="752"><subfield code="a">United States</subfield><subfield code="b">Pennsylvania</subfield><subfield code="c">Butler</subfield><subfield code="d">Barnharts Mills.</subfield></datafield></record>